
@article{Kolmogorov1956,
  title =	"On the representation of continuous functions of several variables by superpositions of continuous functions of a smaller number of variables",
  author =	"A Kolmogorov",
  journal =	"Amer. Math. Soc. Transl.",
  year = 	"1961",
  number =	"17",
  pages =	"369-373"
}

@Article{Aduenko2017,
  author    = {Aduenko, Alexander A. and Motrenko, Anastasia P. and Strijov, Vadim V.},
  journal   = {Annals of Operations Research},
  title     = {Object selection in credit scoring using covariance matrix of parameters estimations},
  year      = {2017},
  issn      = {1572-9338},
  month     = feb,
  number    = {1–2},
  pages     = {3--21},
  volume    = {260},
  doi       = {10.1007/s10479-017-2417-3},
  publisher = {Springer Science and Business Media LLC},
}

@Article{Datta2015,
  author    = {Datta, Shounak and Das, Swagatam},
  journal   = {Neural Networks},
  title     = {Near-Bayesian Support Vector Machines for imbalanced data classification with equal or unequal misclassification costs},
  year      = {2015},
  issn      = {0893-6080},
  month     = oct,
  pages     = {39--52},
  volume    = {70},
  doi       = {10.1016/j.neunet.2015.06.005},
  publisher = {Elsevier BV},
}

@Article{Haixiang2017,
  author    = {Haixiang, Guo and Yijing, Li and Shang, Jennifer and Mingyun, Gu and Yuanyue, Huang and Bing, Gong},
  journal   = {Expert Systems with Applications},
  title     = {Learning from class-imbalanced data: Review of methods and applications},
  year      = {2017},
  issn      = {0957-4174},
  month     = may,
  pages     = {220--239},
  volume    = {73},
  doi       = {10.1016/j.eswa.2016.12.035},
  publisher = {Elsevier BV},
}

@Article{Lu2020,
  author    = {Lu, Yang and Cheung, Yiu-Ming and Tang, Yuan Yan},
  journal   = {IEEE Transactions on Neural Networks and Learning Systems},
  title     = {Bayes Imbalance Impact Index: A Measure of Class Imbalanced Data Set for Classification Problem},
  year      = {2020},
  issn      = {2162-2388},
  month     = sep,
  number    = {9},
  pages     = {3525--3539},
  volume    = {31},
  doi       = {10.1109/tnnls.2019.2944962},
  publisher = {Institute of Electrical and Electronics Engineers (IEEE)},
}

@Article{Sun2021,
  author    = {Qiyang Sun},
  journal   = {The Frontiers of Society, Science and Technology},
  title     = {The probability principle of the birthday paradox and extended applications},
  year      = {2021},
  issn      = {2616-7433},
  number    = {3},
  volume    = {3},
  doi       = {10.25236/fsst.2021.030320},
  publisher = {Francis Academic Press Ltd.},
}

@Article{Mosteller1962,
  author    = {Mosteller, Frederick},
  journal   = {The Mathematics Teacher},
  title     = {Understanding the birthday problem},
  year      = {1962},
  issn      = {2330-0582},
  month     = may,
  number    = {5},
  pages     = {322--325},
  volume    = {55},
  comment   = {JoNAki GhoSh
The Birthday Paradox 
Probability taught visually 
Vol. 1, No. 1, June 2012 | At Right Angles 39-42
https://publications.azimpremjiuniversity.edu.in/1564/1/9_The%20Birthday%20Paradox.pdf},
  doi       = {10.5951/mt.55.5.0322},
  publisher = {National Council of Teachers of Mathematics},
}

@Article{Shakiba2014,
  author    = {Shakiba, Masoud and Singh, Mandeep Jit and Sundararajan, Elankovan and Zavvari, Azam and Islam, Mohammad Tariqul},
  journal   = {PLoS ONE},
  title     = {Extending Birthday Paradox Theory to Estimate the Number of Tags in RFID Systems},
  year      = {2014},
  issn      = {1932-6203},
  month     = apr,
  number    = {4},
  pages     = {e95425},
  volume    = {9},
  doi       = {10.1371/journal.pone.0095425},
  editor    = {Adesso, Gerardo},
  publisher = {Public Library of Science (PLoS)},
}

@InBook{Kang2011,
  author    = {Kang, Seungnam and Prodanoff, Zornitza},
  publisher = {InTech},
  title     = {RFID Model for Simulating Framed Slotted ALOHA Based Anti-Collision Protocol for Muti-Tag Identification},
  year      = {2011},
  isbn      = {9789533073569},
  month     = jul,
  booktitle = {Current Trends and Challenges in RFID},
  doi       = {10.5772/16601},
}

@Article{Santos2015,
  author  = {Santos, Carla and Dias, Cristina},
  journal = {Pensamiento Matematico},
  title   = {A probabilistic approach on coincidences: the birthday Paradox},
  year    = {2015},
  url     = {http://hdl.handle.net/20.500.12207/5122},
}

@Article{Hyvaerinen2000,
  author    = {Hyvärinen, A. and Oja, E.},
  journal   = {Neural Networks},
  title     = {Independent component analysis: algorithms and applications},
  year      = {2000},
  issn      = {0893-6080},
  month     = jun,
  number    = {4–5},
  pages     = {411--430},
  volume    = {13},
  doi       = {10.1016/s0893-6080(00)00026-5},
  publisher = {Elsevier BV},
}

@Article{Elliott1999,
  author    = {Elliott, Mark A. and Walter, Glenn A. and Swift, Alex and Vandenborne, Krista and Schotland, John C. and Leigh, John S.},
  journal   = {Magnetic Resonance in Medicine},
  title     = {Spectral quantitation by principal component analysis using complex singular value decomposition},
  year      = {1999},
  issn      = {1522-2594},
  month     = mar,
  number    = {3},
  pages     = {450--455},
  volume    = {41},
  doi       = {10.1002/(sici)1522-2594(199903)41:3<450::aid-mrm4>3.0.co;2-9},
  publisher = {Wiley},
}

@Article{Motrenko2014,
  author    = {Motrenko, Anastasiya and Strijov, Vadim and Weber, Gerhard-Wilhelm},
  journal   = {Journal of Computational and Applied Mathematics},
  title     = {Sample size determination for logistic regression},
  year      = {2014},
  issn      = {0377-0427},
  month     = jan,
  pages     = {743--752},
  volume    = {255},
  doi       = {10.1016/j.cam.2013.06.031},
  publisher = {Elsevier BV},
}

@Book{Balanis2005,
  author    = {Balanis, Constantine A.},
  publisher = {Wiley-Interscience},
  title     = {Antenna Theory},
  year      = {2005},
  isbn      = {9780471714620},
  pages     = {1040},
  subtitle  = {Analysis and Design},
}

@Comment{jabref-meta: databaseType:bibtex;}
